
@article{boxpdf,
	title = {Exploring the propagator of a particle in a box},
	volume = {71},
	issn = {0002-9505},
	url = {http://aapt.scitation.org/doi/abs/10.1119/1.1509415},
	doi = {10.1119/1.1509415},
	pages = {55--63},
	number = {1},
	journaltitle = {American Journal of Physics},
	shortjournal = {American Journal of Physics},
	author = {Fulling, S. A. and Güntürk, K. S.},
	urldate = {2017-10-26},
	date = {2002-12-20},
	file = {Snapshot:/home/riccardo/.mozilla/firefox/5uqozcnq.default/zotero/storage/C48BP9M6/1.html:text/html}
}


@article{berndt_gauss,
	title = {The determination of Gauss sums},
	volume = {5},
	issn = {0273-0979, 1088-9485},
	url = {https://projecteuclid.org/euclid.bams/1183548292},
	abstract = {Project Euclid - mathematics and statistics online},
	pages = {107--129},
	number = {2},
	journaltitle = {Bulletin (New Series) of the American Mathematical Society},
	shortjournal = {Bull. Amer. Math. Soc. (N.S.)},
	author = {Berndt, Bruce C. and Evans, Ronald J.},
	urldate = {2017-10-27},
	date = {1981-09},
	mrnumber = {MR621882},
	zmnumber = {0471.10028},
	file = {Snapshot:/home/riccardo/.mozilla/firefox/5uqozcnq.default/zotero/storage/83CZ6FIQ/1183548292.html:text/html}
}
